@ARTICLE{A,
   author = {{Rempel}, M.},
    title = "{Extension of the MURaM Radiative MHD Code for Coronal Simulations}",
  journal = {\apj},
archivePrefix = "arXiv",
   eprint = {1609.09818},
 primaryClass = "astro-ph.SR",
 keywords = {conduction, magnetohydrodynamics: MHD, methods: numerical, radiative transfer, Sun: corona, Sun: magnetic fields},
     year = 2017,
    month = jan,
   volume = 834,
      eid = {10},
    pages = {10},
      doi = {10.3847/1538-4357/834/1/10},
   adsurl = {http://adsabs.harvard.edu/abs/2017ApJ...834...10R},
  adsnote = {Provided by the SAO/NASA Astrophysics Data System}
}

@ARTICLE{cfl,
   author = {{Courant}, R. and {Friedrichs}, K. and {Lewy}, H.},
    title = "{On the Partial Difference Equations of Mathematical Physics}",
  journal = {IBM Journal of Research and Development},
     year = 1967,
    month = mar,
   volume = 11,
    pages = {215-234},
      doi = {10.1147/rd.112.0215},
   adsurl = {http://adsabs.harvard.edu/abs/1967IBMJ...11..215C},
  adsnote = {Provided by the SAO/NASA Astrophysics Data System}
}
