@book{AndersonJohnD.JohnDavid1994Cfd:,
series = "McGraw-Hill series in mechanical engineering",
publisher = "McGraw-Hill",
isbn = "0070016852",
year = "1994",
title = "Computational fluid dynamics : the basics with applications",
language = "eng",
address = "New York",
author = "Anderson, John D., (John David)",
keywords = "Computational fluid dynamics; Fluid dynamics -- Data processing; Mecanica e dinamica dos fluidos",
lccn = "94021237",
}

