

@ARTICLE{2017ApJ...834...10R,
   author = {{Rempel}, M.},
    title = "{Extension of the MURaM Radiative MHD Code for Coronal Simulations}",
  journal = {ApJ},
archivePrefix = "arXiv",
   eprint = {1609.09818},
 primaryClass = "astro-ph.SR",
 keywords = {conduction, magnetohydrodynamics: MHD, methods: numerical, radiative transfer, Sun: corona, Sun: magnetic fields},
     year = 2017,
    month = jan,
   volume = 834,
      eid = {10},
    pages = {10},
      doi = {10.3847/1538-4357/834/1/10},
   url = {http://adsabs.harvard.edu/abs/2017ApJ...834...10R},
  note = {Provided by the SAO/NASA Astrophysics Data System}
}

@ARTICLE{2014ApJ...795...10L,
   author = {{Longcope}, D.~W.},
    title = "{A Simple Model of Chromospheric Evaporation and Condensation Driven Conductively in a Solar Flare}",
  journal = {ApJ},
archivePrefix = "arXiv",
   eprint = {1409.1886},
 primaryClass = "astro-ph.SR",
 keywords = {Sun: flares},
     year = 2014,
    month = nov,
   volume = 795,
      eid = {10},
    pages = {10},
      doi = {10.1088/0004-637X/795/1/10},
   url = {http://adsabs.harvard.edu/abs/2014ApJ...795...10L},
}

